@book{bib:FischerLieb,
    title          = {A Course in Complex Analysis: From Basic Results to Advanced Topics},
    author         = {Wolfgang Fischer and Ingo Lieb},
    publisher      = {Vieweg+Teubner Verlag},
    translator     = {Jan Cannizzo},
    year           = {2012}
}